2776 4161
672 214 857 269 lua-r.
892 213 1059 268 uus.
1096 215 1238 276 1111.
1275 217 1325 270 s.
1842 212 1968 282 317

160 380 305 442 item
346 378 397 443 si
441 379 578 443 ·ΑΒ·
623 379 813 444 tribus
855 381 1237 446 incisionibus
1278 383 1634 464 partiamur.
1678 382 1794 446 erit
1824 400 1965 466 pars

38 464 206 526 tertia
253 464 425 533 ·AG·;
472 462 625 528 duae
664 464 849 544 igitur
890 463 1148 528 eiusdem
1193 473 1367 528 erunt
1400 465 1540 530 ·GB·
1601 465 1966 531 consonabit

38 548 217 625 igitur
250 547 387 609 ·ΑΒ·
420 545 1047 628 prosiambanomenos
1085 546 1157 610 ad
1207 548 1378 618 ·Gu·.
1424 567 1574 629 quae
1619 558 1709 614 est
1751 549 1965 634 hypate

39 648 269 702 meson.
302 630 579 711 diapente
611 633 1055 696 consonantiam
1089 632 1149 693 in
1181 634 1566 714 proportione
1595 632 1962 716 sesqualtera

37 714 444 786 constitutam,
481 714 617 777 ·CB·
648 723 844 778 autem
878 714 951 778 ad
984 714 1122 778 ·GB·
1157 716 1270 779 erit
1299 717 1700 795 sesquioctava
1731 725 1788 781 et
1816 735 1957 781 con·
1985 730 2016 777 a

39 797 248 861 tinebit
277 806 517 869 tonum.
549 799 728 881 idque
757 799 967 863 ordine
998 799 1169 861 cadit.
1233 798 1379 862 Nam
1411 797 1678 863 lichanos
1707 801 1965 883 hypaton

37 880 337 952 diatonos,
368 880 426 944 id
459 891 549 945 est
582 883 747 953 ·CB·.
791 882 865 946 ad
897 900 1058 953 eam,
1100 900 1252 962 quae
1281 890 1371 944 est
1399 881 1613 964 hypate
1643 902 1878 957 meson.
1910 885 1968 947 id

37 974 125 1028 est
158 965 331 1038 ·GB·,
363 965 622 1029 continet
650 974 875 1030 tonum.
948 965 1177 1030 Rursus
1221 965 1360 1028 ·ΑΒ·
1410 966 1647 1046 quidem
1678 965 1967 1050 proslam-
2108 1044 2113 1048 ,

36 1047 398 1113 banomenos
456 1048 530 1112 ad
592 1048 747 1114 ·CB·
806 1047 1083 1114 lichanon
1140 1049 1400 1132 hypaton
1457 1048 1736 1114 diatonon
1794 1050 1972 1117 habet

37 1136 482 1197 consonantiam
513 1132 910 1206 diatessaron.
946 1134 1081 1196 ·ΑΒ·
1114 1143 1309 1196 autem
1340 1132 1967 1216 proslambanomenos
1994 1149 2048 1196 aa

39 1215 108 1280 ad
144 1217 283 1282 ·GB·
312 1216 389 1297 ity
432 1226 566 1281 aten
590 1235 794 1281 meson
820 1217 1003 1280 habet
1025 1218 1472 1280 consonantiam
1494 1217 1790 1299 diapente.
1824 1217 1967 1282 item

42 1299 174 1364 ·CB·
207 1302 280 1364 ad
316 1236 483 1373 vg„
528 1300 586 1362 id
629 1310 721 1365 est
747 1298 1013 1365 lichanos
1044 1301 1303 1382 hypaton
1334 1300 1606 1365 diatonos
1636 1301 1710 1365 ad
1741 1319 1968 1373 mesen.

39 1382 215 1446 habet
241 1385 685 1446 consonantiam
716 1383 1010 1463 diapente.
1075 1383 1218 1447 ·GB·
1251 1392 1446 1446 autem
1477 1385 1551 1446 ad
1587 1384 1757 1457 ·DB·‚
1789 1385 1848 1447 id
1880 1393 1971 1449 cai

40 1466 252 1547 hypate
282 1484 490 1530 meson
520 1466 591 1528 ad
624 1483 860 1537 mesen,
895 1465 1074 1528 habet
1103 1467 1546 1529 consonantiam
1579 1468 1964 1531 diatessaron.

38 1549 330 1612 Lichanos
372 1558 567 1612 autem
612 1550 901 1631 hypaton.
933 1549 990 1611 id
1034 1558 1124 1611 est
1168 1549 1301 1613 ·CB·
1345 1549 1419 1610 ad
1463 1548 1715 1633 hypaten
1757 1564 2048 1614 mesenas

39 1642 408 1714 comparata.
461 1633 521 1694 id
574 1643 665 1695 est
717 1632 892 1702 ·GB·‚
944 1631 1185 1694 distabit
1233 1639 1396 1694 tono.
1456 1633 1518 1696 Si
1567 1641 1766 1696 autem
1820 1636 1965 1704 eius,

39 1734 190 1795 quae
220 1724 311 1779 est
343 1715 476 1779 ·CB·
497 1760 514 1788 ‚
546 1725 816 1796 quartam
850 1723 1077 1796 partem
1100 1731 1430 1796 sumpsero.
1464 1717 1578 1778 erit
1603 1716 1740 1780 ΕΚ·
1784 1716 1967 1795 igitur

40 1799 171 1862 ·CB·
205 1799 279 1863 ad
314 1799 453 1864 -nn-
487 1797 777 1862 obtinebit
816 1799 1244 1878 sesquitertiam
1289 1801 1760 1880 proportionem.
1823 1799 1965 1862 ·KB·

37 1892 229 1947 autem
260 1883 335 1946 ab
365 1903 433 1947 ea
452 1931 468 1955 ,
512 1902 662 1964 quae
691 1891 784 1944 est
814 1880 984 1953 ·DB·.
1028 1882 1432 1962 sesquioctava
1461 1882 1851 1963 proportione
1878 1883 1969 1946 di·

38 1965 227 2030 stabit.
273 1968 401 2030 Erit
433 1969 615 2047 igitur
640 1965 779 2028 ΜΒ·
807 1965 1044 2045 quidem
1078 1964 1350 2027 diatonos
1373 1982 1580 2029 meson
1606 1967 1804 2029 eterit
1831 1965 1965 2031 ΩΒ·
1990 1979 2047 2027 υ

40 2048 94 2112 id
127 2061 219 2115 est
248 2050 515 2115 lichanos
545 2049 803 2133 hypaton
845 2049 1116 2113 diatonos
1156 2048 1229 2111 ad
1275 2047 1418 2113 din·
1463 2049 1524 2114 id
1566 2057 1657 2114 est
1684 2049 1965 2115 diatonon

41 2153 241 2198 meson
299 2136 664 2199 diatessaron
725 2136 1037 2198 continens
1088 2134 1551 2197 consonantiam.
1631 2133 1861 2199 Rursus
1916 2135 1967 2198 si

41 2221 166 2282 eius
265 2237 376 2284 uae
423 2230 516 2283 est
559 2217 698 2282 ·DB·
755 2235 970 2280 nonam
1012 2226 1239 2299 partem
1282 2234 1625 2299 sumpsero,
1681 2220 1794 2282 erit
1820 2219 1966 2282 mihi

42 2303 177 2366 ·1)1.·
267 2307 424 2385 gitur
455 2303 591 2367 ·LB·
623 2305 737 2365 erit
769 2317 1089 2381 paramese.
1150 2301 1213 2363 Si
1252 2311 1447 2364 autem
1491 2302 1648 2371 eius.
1692 2318 1846 2381 quae
1876 2310 1969 2366 est

44 2387 214 2458 ·DB·.
258 2395 526 2469 quartam
567 2394 797 2469 partem
827 2401 1166 2465 sumpsero,
1212 2386 1328 2448 erit
1369 2384 1516 2447 mt-
1591 2384 1773 2465 Igitur
1817 2384 2048 2449 ΜΕ.
2149 2376 2158 2449 f

41 2474 152 2534 erit
180 2481 316 2537 nete
345 2486 788 2553 synemmenon.
823 2468 888 2531 Si
916 2478 1113 2531 autem
1144 2468 1303 2538 eius.
1333 2486 1485 2550 quae
1520 2478 1610 2533 est
1644 2468 1816 2541 ·1)n·.
1849 2476 1968 2534 ter·

42 2557 176 2619 tiam
218 2564 449 2638 partem
489 2570 830 2637 sumpsero.
885 2555 997 2615 erit
1039 2551 1181 2616 -mt-
1265 2550 1448 2632 igitur
1490 2551 1631 2617 ·NB·
1676 2555 1792 2616 erit
1831 2560 1968 2618 nete

42 2637 522 2720 diezeugmenon.
583 2638 648 2700 Si
687 2645 885 2699 autem
917 2635 1060 2700 -xn-
1092 2636 1152 2700 in
1183 2636 1330 2700 duas
1358 2646 1561 2718 partes
1590 2654 1809 2719 aequas
1839 2637 1967 2702 i'ue·

43 2725 117 2786 rit
143 2725 358 2794 divisa.
389 2724 505 2787 erit
537 2718 679 2784 dix·
713 2721 943 2801 eritque
976 2719 1118 2783 ·XB·
1151 2727 1433 2803 paranete
1454 2719 1882 2803 hyperboieon.

43 2971 170 3026 bere
205 2988 269 3036 ος
323 2970 632 3025 asscribere
686 2985 751 3038 ς,
806 2969 873 3033 h,
923 2968 982 3023 k.
1153 2975 1188 3026 8
1231 2968 1388 3041 GR]
1436 2972 1521 3027 ·G·
1556 2987 1609 3040 ς.
1780 2974 1815 3025 4
1849 2987 1966 3025 sea·

79 3039 348 3092 usiteram
382 3038 421 3091 i.
584 3039 617 3090 6
640 3038 950 3091 constituta
985 3053 1038 3106 ς,
1073 3036 1129 3102 h.
1166 3036 1224 3094 k.
1281 3036 1308 3107 11
1363 3053 1458 3093 ses
1499 3040 1816 3092 uiootavun
1852 3039 1891 3095 i.
1912 3054 1965 3093 o.

107 3105 179 3158 ad
212 3101 360 3174 ean]
398 3103 596 3158 eaden
631 3112 683 3158 ee
714 3118 877 3170 supra
910 3119 1107 3158 maana
1141 3106 1212 3158 ad
1247 3119 1368 3160 san
1407 3105 1448 3159 i.
1507 3104 1520 3172 Ι
1564 3105 1638 3172 hy
1677 3111 1807 3159 stou
1843 3105 1894 3172 i,
1918 3106 1964 3164 it

44 3170 282 3288 ξηαπ
316 3185 374 3241 ς.
510 3173 545 3226 8
577 3172 869 3225 continent
900 3171 939 3224 i.
1077 3174 1111 3225 0
1143 3171 1318 3228 habet
1349 3173 1616 3226 diatonon
1638 3121 1706 3237 ἱ,
1743 3172 1799 3226 k.
1901 3173 1963 3225 u

78 3244 351 3373 w:-
385 3236 1062 3373 ⁸23³·.:·....¹2.¹5¹35·;‚
1120 3275 1138 3303 ·
1183 3255 1235 3294 ⁰·
1292 3238 1617 3362 ‚3222‘22
1649 3256 1763 3360 e...
1796 3240 1873 3361 J?
1895 3240 1968 3362 ἐξ

131 3378 300 3427 tonet
335 3387 526 3427 meson
570 3377 623 3426 tn
654 3374 882 3440 sau-aiae
913 3374 1184 3441 superiore
1217 3373 1262 3433 f.
1467 3374 1533 3426 at
1569 3372 1627 3425 id
1662 3376 1751 3427 est
1781 3386 1876 3427 sut.
1910 3385 1962 3424 ο.

43 3434 347 3501 Ιᾱίιωιιοι
382 3454 572 3495 meson
605 3441 654 3503 15
699 3438 932 3494 diatono
967 3455 1119 3495 meso
1152 3456 1204 3494 o.
1350 3442 1421 3494 u
1559 3452 1772 3493 amessa
1808 3438 1842 3491 h
1906 3436 1963 3493 k.

42 3508 109 3560 ss
141 3512 354 3576 μη.-
388 3512 641 3576 qm-
674 3506 714 3561 t.
735 3501 764 3575 ιι
784 3506 894 3560 orn
925 3506 1058 3561 ιω
1093 3506 1237 3562 -ms
1271 3523 1321 3562 ο.
1423 3509 1459 3560 s
1492 3507 1732 3573 ..u-ism
1754 3475 1896 3561 *κδ
1920 3504 1965 3561 t.
