2776 4161
661 192 789 261 342
1338 193 1522 247 mar.
1558 191 1729 249 nus.
1761 193 1895 258 1111,
1935 194 2017 249 ιο.

661 381 848 446 paeon
899 363 1241 427 constitutio
1279 379 1311 424 a
1354 360 1951 444 proslambanomeno
2005 361 2065 424 in
2117 378 2320 424 mesen
2373 364 2590 427 ceteris

661 466 811 530 quae
841 456 979 510 sunt
1006 446 1236 510 mediae
1266 444 1512 509 vocibus
1542 445 1957 516 adnumeratis,
1990 442 2079 508 vel
2117 461 2152 505 a
2185 462 2346 508 mese
2382 462 2589 508 rursus

659 533 722 593 in
753 539 929 594 neten
959 528 1361 613 hyperboleon
1405 548 1541 592 cum
1571 530 1815 593 vocibus
1858 529 2216 599 interiectis,
2261 526 2350 590 rel
2378 527 2453 591 ab
2485 528 2588 609 hy·

660 622 797 696 pate
825 631 1032 677 meson
1050 616 1111 676 in
1131 622 1306 676 neten
1329 612 1793 692 diezeugmenon
1817 631 1951 676 cum
1974 612 2086 682 his.
2117 629 2265 691 quas
2290 620 2586 675 extremae

450 689 482 702 “
609 713 640 758 a
663 715 838 762 voces
877 697 1102 761 medias
1143 695 1444 760 claudunt.
1504 697 1938 778 synemmenon
1979 713 2120 758 vero
2151 695 2490 757 constitutio
2520 714 2586 757 ea

660 788 783 853 est,
821 799 974 864 quae
1003 801 1035 844 a
1066 778 1662 862 proslambanomeno
1703 782 1765 843 in
1798 789 1971 842 neten
2000 796 2425 859 synemmenon
2455 796 2587 841 cum

660 865 772 937 his.
815 883 965 947 quae
1010 864 1237 929 mediae
1277 866 1621 928 interiectae
1649 873 1818 934 sunt,
1866 872 2110 926 constat.
2179 863 2279 925 Bis
2308 862 2586 945 diapason

660 958 857 1014 antem
888 968 922 1013 a
951 947 1550 1031 proslambanomeno
1578 950 1639 1010 in
1671 957 1848 1012 neten
1878 945 2279 1030 hyperboleon
2311 965 2445 1010 cum
2478 945 2585 1017 his,

660 1052 815 1117 quae
844 1035 906 1096 in
938 1032 1135 1098 medio
1164 1041 1301 1097 sunt
1329 1034 1744 1113 interpositae,
1777 1032 2202 1096 consideratur.
2264 1030 2382 1094 llas
2410 1032 2588 1111 igitur

584 1129 640 1179 aa
663 1119 1113 1184 constitutiones
1141 1120 1192 1180 si
1224 1119 1357 1199 quis
1385 1126 1538 1181 totas
1566 1117 1740 1179 i'aciat
1769 1117 2097 1188 acutiores.
2141 1115 2231 1179 vel
2264 1117 2323 1179 in
2354 1116 2587 1194 gravius

659 1210 814 1267 totas
841 1202 1101 1266 remittat
1128 1201 1452 1264 secundum
1476 1200 1843 1283 supradictas
1866 1200 2145 1282 diapason
2170 1199 2587 1263 consonantiae

658 1288 921 1369 species,
965 1286 1179 1349 efficiet
1209 1285 1415 1347 modos
1446 1284 1620 1355 ·Vll·.
1665 1301 1926 1365 quorum
1962 1283 2199 1347 nomina
2242 1291 2383 1347 sunt
2412 1282 2585 1345 haec:

517 1436 528 1449 ,
658 1371 739 1452 hy
860 1371 1054 1441 orius,
1097 1369 1570 1450 hypophrygius,
1603 1367 1983 1449 hypolydius,
2014 1368 2253 1437 dorius.
2286 1366 2585 1447 phrygius.

658 1454 680 1517 Ι
758 1454 881 1524 ius,
912 1450 1282 1534 mixolydius.
1343 1451 1567 1515 {lorum
1599 1470 1738 1516 vero
1768 1453 1853 1514 sic
1883 1450 2032 1515 ordo
2061 1449 2348 1532 procedit.
2409 1450 2500 1512 Sit
2527 1450 2587 1511 in

584 1551 640 1596 ss
663 1472 958 1602 dytatontoo
1004 1553 1223 1617 genere
1263 1555 1471 1600 vocum
1516 1536 1663 1599 ordo
1705 1534 2026 1617 dispositus
2069 1555 2101 1598 a
2145 1533 2586 1615 proslambano-

657 1639 834 1685 meno
861 1623 921 1684 in
944 1630 1120 1684 neten
1144 1619 1549 1704 hyperboleon
1574 1630 1749 1702 atque
1773 1620 1870 1683 hic
1890 1621 1968 1683 sit
1985 1619 2345 1701 hypodorius
2358 1617 2585 1680 modus.

658 1707 722 1770 Si
753 1706 889 1788 quis
917 1706 1097 1784 igitur
1128 1703 1766 1784 proslambanomenon
1796 1706 1859 1768 in
1890 1722 2139 1768 acumen
2161 1702 2422 1766 intendat
2447 1710 2588 1763 tono

658 1789 1033 1872 hypatenque
1090 1788 1347 1870 hypaton
1420 1789 1627 1851 eodem
1699 1797 1840 1851 tono
1908 1786 2188 1851 adtenuet
2245 1795 2587 1867 ceterasque

660 1892 871 1937 omnes
902 1881 1042 1935 tono
1073 1872 1249 1937 saciat
1277 1872 1601 1943 acutiores.
1645 1873 1874 1935 acutior
1901 1880 2061 1934 totus
2089 1869 2237 1933 ordo
2267 1870 2587 1949 proveniet,

580 1980 635 2026 aa
660 1974 837 2038 quam
881 1956 992 2020 l'uit
1033 1956 1373 2036 priusquam
1429 1957 1552 2018 toni
1602 1956 1931 2036 susciperet
1982 1955 2389 2018 intentionem.
2463 1953 2590 2016 Erit

655 2042 838 2123 igitur
869 2047 990 2105 tota
1018 2041 1355 2104 constitutio
1385 2041 1614 2103 acutior
1643 2041 1849 2103 effecta
1881 2037 2326 2121 hypophrygius
2354 2037 2584 2101 modus.

654 2123 828 2198 Quod
870 2126 921 2188 si
960 2126 1020 2187 in
1073 2124 1483 2206 hypophrygio
1536 2124 1658 2186 toni
1714 2141 1923 2186 rursus
1975 2123 2363 2186 intentionem
2417 2139 2588 2184 voces

655 2211 1016 2291 acceperint.
1040 2208 1340 2290 hypolydii
1364 2207 1685 2271 modulatio
1710 2216 2004 2271 nascetur.
2038 2210 2113 2270 At
2135 2207 2187 2269 si
2210 2205 2585 2288 hypolydium

578 2314 581 2317 ·
655 2293 789 2374 quis
815 2293 1128 2356 semitonio
1158 2291 1440 2362 intendat.
1473 2291 1706 2354 dorium
1739 2291 1931 2354 saciet.
1996 2290 2070 2352 Et
2098 2291 2161 2351 in
2191 2288 2321 2352 aliis
2349 2287 2585 2371 quidem
2645 2342 2646 2347 ,

577 2398 635 2444 ss
656 2375 865 2440 similis
893 2377 1071 2440 estin
1100 2393 1353 2439 acumen
1397 2375 1899 2456 intentionemque
1938 2390 2283 2455 processus,
2332 2389 2586 2452 quorum
2645 2400 2646 2405 κ

655 2474 776 2523 non
817 2468 883 2524 ut
921 2459 1319 2541 intellegentia
1361 2457 1554 2522 solum
1597 2459 1747 2523 ratio
1787 2455 2338 2539 conprehendatur,
2382 2472 2584 2519 verum
2645 2454 2646 2483 ³

656 2541 844 2608 oculis
883 2561 1120 2626 quoque
1161 2544 1350 2606 forma
1401 2543 1587 2623 possit
1636 2542 1905 2623 agnosci.
1958 2538 2035 2603 ab
2078 2539 2334 2621 antiquis
2375 2538 2585 2601 tradita

796 2761 823 2812 ι
861 2756 1209 2829 constitutio]
1258 2757 1627 2813 consonantia
1671 2773 1723 2810 o.
1856 2759 1891 2809 8
1926 2755 2106 2810 medie
2143 2771 2209 2824 g,
2255 2756 2295 2811 i.
2428 2758 2464 2809 4
2499 2770 2586 2809 ex·

654 2831 832 2881 treme
867 2826 910 2893 t.
946 2828 986 2879 i.
1123 2828 1157 2882 ὀ
1199 2825 1416 2880 mediae
1465 2843 1520 2892 κ.
1574 2822 1601 2893 ΙΙ
1654 2823 2053 2891 Synemnenon
2096 2820 2254 2893 vero]
2301 2823 2586 2892 Dispuon

654 2907 790 2949 vero
824 2898 883 2948 et
916 2893 1267 2949 diatonum:
1301 2910 1353 2948 o.
1465 2896 1501 2947 o
1536 2908 1571 2945 a
1604 2907 1702 2950 on.
1738 2892 1779 2956 i.
1813 2907 1865 2946 o.
1982 2893 2048 2946 to
2078 2887 2171 2946 voi
2206 2905 2407 2960 graves
2443 2907 2496 2959 g.
2520 2888 2584 2951 kt

653 2960 751 3084 {1⁶}
790 2962 1119 3084 3»ῗῖνῖ
1130 2977 1184 3016 ⁰⁶
1237 2956 2068 3098 ntgsso‘gfftffi‘ia’s'ooh‘mt
2091 2960 2153 3084 ιοι.
2189 2958 2585 3095 ωὟῗῗγὭῗ

653 3044 1060 3167 lyessa-..⁰0
1210 3095 1479 3153 uslei.
1627 3096 2065 3152 naereses-A.
2215 3095 2586 3149 ieiuno.

654 3164 1027 3285 ates-az.
1066 3160 1525 3300 trasma-
1560 3162 1712 3285 2:3-
1732 3162 2584 3296 a.....2⁰...·”·ss¹⁹·“‘„¹⁰=;:.·

654 3297 968 3425 επίἕ·
993 3313 1051 3367 ”
1076 3298 1145 3418 ⁸2³.
1159 3297 1703 3435 ‘mamre‘
1720 3295 2203 3432 mamm
2264 3293 2585 3433 ..tam

654 3400 1025 3568 tagrida:
1049 3445 1112 3553 ἓ
1142 3427 1307 3566 linig
1322 3445 1420 3485 αι.
1456 3432 1521 3494 h,
1554 3429 1654 3553 ¹1²·
1675 3497 1713 3550 b
1748 3431 1819 3483 10
1851 3403 2273 3501 intellegentiae
2309 3445 2365 3498 g,
2399 3428 2470 3493 kg
2504 3429 2586 3480 ia·
