2776 4161
494 447 503 454 .
586 364 712 435 πω
1250 366 1430 420 mer.
1466 363 1635 422 uus.
1675 365 1760 433 ιι,
1796 367 1879 419 so.

588 535 661 603 Et
701 533 976 603 sd‘hunc
1017 533 1255 600 modum
1299 534 1372 600 ad
1415 534 1636 599 intlnlts
1721 535 2012 618 rogressio
2041 542 2148 599 est.
2240 535 2511 602 Binarlus

588 622 741 687 enim
772 620 1010 687 uultatls
1038 618 1116 686 du
1162 620 1255 685 lus
1281 629 1402 693 est:
1434 627 1641 685 oontrs
1698 639 1730 683 a
1764 637 1902 684 vero
1924 621 2051 683 elus
2074 635 2212 702 pars
2247 620 2507 687 eiusdem

502 709 505 710 *
588 704 892 772 dimidium
932 706 1096 772 unlta
1212 705 1501 779 ostencllte
1547 714 1671 771 tres
1710 703 1921 789 trlplus
1952 712 2004 768 et
2044 705 2341 770 contrarls
2374 724 2510 788 pars

587 791 787 866 tertiae
831 798 1109 875 qttsttuor
1137 789 1503 876 quadruplus
1533 807 1789 876 psrsquo
1820 791 2115 854 contraria
2147 799 2390 874 cpisrta:
2423 800 2507 857 at·

530 891 699 959 sque
748 876 830 941 lta
881 875 1190 941 crescendi
1232 883 1288 941 et
1330 873 1715 941 decrescendl
1757 875 1817 938 ln
1857 873 2110 958 simplici
2157 884 2248 940 est
2288 876 2511 941 unitate

584 961 964 1045 prinelplum.
1051 960 1212 1026 ldem
1255 961 1272 1024 i
1315 963 1435 1026 itur
1466 977 1626 1025 nune
1654 957 1727 1022 ad
1758 962 2174 1025 oonsonautlss
2201 968 2505 1024 eonverta-

583 1062 732 1110 mus.
832 1044 960 1111 Erit
1028 1044 1207 1128 igitur
1303 1048 1545 1129 lapason
1603 1042 1873 1127 quidem.
1943 1062 2095 1128 quae
2163 1043 2339 1128 duple
2400 1053 2505 1116 est.

582 1131 845 1213 supremi
876 1128 1009 1193 loeo
1041 1130 1339 1213 prlnelpli.
1380 1147 1533 1211 quae
1565 1145 1706 1193 vero
1746 1127 2009 1211 rellquae
2051 1138 2218 1197 sunt.
2260 1132 2321 1193 ln
2365 1148 2507 1193 eon·

581 1214 762 1278 traria
793 1212 1082 1279 dlvlslone
1113 1214 1228 1278 hoo
1257 1212 1467 1278 modo=
1512 1211 1845 1294 sesqualter
1875 1213 2111 1294 quidem
2143 1211 2351 1295 triplo.
2383 1230 2508 1277 ses·

506 1313 563 1359 ss
588 1298 905 1381 quitertius
933 1316 1075 1363 vero
1102 1296 1461 1380 quadruplo:
1506 1298 1664 1380 quod
1697 1296 1798 1361 tall
1827 1298 2338 1377 argumentatione
2369 1314 2504 1380 pro·

581 1378 841 1446 bebltur.
900 1381 1062 1446 Idem
1112 1382 1267 1446 enim
1319 1382 1548 1463 prlmus
1592 1389 1682 1446 est
1732 1380 2085 1463 sesqualter.
2139 1382 2240 1463 qul
2283 1382 2508 1462 primus

581 1465 827 1548 triplus.
866 1464 1092 1530 sellieet
1118 1464 1462 1548 principalls
1489 1465 1743 1528 unitatis.
1819 1464 1965 1529 Nam
2008 1467 2307 1530 ternarius
2347 1464 2504 1529 idem

323 1605 356 1633 ,
582 1552 810 1631 primus
865 1547 1078 1632 triplus
1135 1563 1250 1618 est.
1310 1551 1360 1613 si
1418 1551 1656 1622 unitati.
1726 1548 1884 1648 idem
1955 1550 2182 1633 primus
2238 1547 2503 1631 sesqual-

355 1641 411 1718 ’·
503 1731 556 1778 ..
579 1632 1999 1799 ffi.22.¹.‘.¹25¹¹‘:.:¹:’.‘.¹¹¹:5¹¹....¹.3.¹:.¹.;¹¹..·2.t?¹
2027 1634 2505 1782 arefiant}

578 1799 713 1864 liter
751 1801 979 1882 positus
1023 1802 1312 1882 probetur
1340 1820 1472 1866 esse
1510 1799 1869 1883 sesqualter,
1929 1802 2142 1884 triplus
2184 1811 2291 1865 est.
2359 1801 2503 1865 Cum

577 1884 757 1965 igitur
807 1884 939 1948 lure
984 1886 1314 1967 sesqualter
1365 1883 1579 1967 triplici
1630 1894 1995 1966 opponatur.
2042 1885 2315 1965 diapente
2358 1904 2498 1949 oon·

577 1969 842 2032 sonantia
900 1969 1175 2051 diapente
1225 1989 1296 2034 sc
1339 1969 1619 2052 dlapsson
1673 1970 2092 2033 consonantiae
2142 1967 2502 2032 rationabili·

579 2059 671 2117 ter
719 2059 961 2135 putatur
999 2055 1239 2138 opponi.
1282 2053 1510 2118 Rursus
1549 2052 1914 2136 quadruplus
1964 2054 2319 2137 sesqultertll
2359 2070 2503 2117 oon·

420 2148 423 2153 ·
500 2139 823 2202 nunt-m
867 2136 1207 2202 ‹livlslonem
1252 2145 1434 2203 tenet.
1504 2137 1652 2203 Nam
1701 2138 1804 2221 qui
1849 2147 1940 2202 est
1977 2140 2206 2222 primus
2245 2138 2504 2221 quadru-

576 2220 713 2304 plus
782 2220 936 2286 idem
1006 2239 1214 2287 rursus
1278 2224 1508 2307 primus
1564 2222 1974 2304 sesqultertlus
2035 2223 2332 2286 invenltur
2391 2221 2504 2286 hoe

577 2305 773 2370 modo.
805 2306 1229 2381 Quaternarlus
1256 2309 1481 2391 qulppe
1510 2308 1738 2389 primus
1767 2315 1858 2371 est
1885 2304 2268 2389 quadruplus.
2300 2307 2351 2369 sl
2375 2306 2503 2369 uni·

575 2392 700 2462 tatl.
729 2390 959 2473 primm
986 2392 1416 2474 sesquitertius.
1446 2392 1496 2455 sl
1527 2391 1788 2455 ternario
1818 2401 2213 2474 comparetur.
2278 2391 2505 2456 Rursus

575 2475 702 2540 eius
740 2474 1134 2547 ditl'erentlse.
1178 2495 1353 2559 quam
1394 2479 1551 2540 luter
1579 2494 1645 2540 se
1673 2493 1745 2540 se
1787 2478 2111 2540 ternarium
2143 2483 2336 2549 tenet.
2377 2476 2505 2560 ipse

498 2574 553 2619 a
576 2558 641 2623 nt
666 2558 1049 2641 quadruplus.
1122 2559 1291 2625 Unde
1320 2562 1413 2630 llt.
1457 2568 1525 2623 ut
1565 2561 1936 2642 sesquitertia
1978 2561 2309 2644 proportio.
2349 2579 2503 2643 quae

578 2651 668 2708 est
696 2642 1096 2716 diatessaron.
1127 2643 1493 2727 quadruplae
1524 2645 1920 2727 proportioni,
1954 2661 2108 2725 quse
2137 2652 2227 2709 est
2257 2643 2349 2707 bis
2377 2645 2501 2708 dla-

575 2741 794 2872 ffion.
824 2730 887 2790 tn
917 2728 1277 2792 eontrarium
1309 2727 1619 2791 dividatur.
1677 2726 1861 2810 Dupla
1892 2745 2035 2791 vero
2064 2729 2338 2808 quoniam
2370 2729 2501 2792 nul·

742 2807 921 2873 habet
966 2812 1296 2892 oppositam
1348 2811 1795 2893 proportionem
1844 2829 1958 2875 neo
1997 2810 2175 2875 ullius
2211 2812 2337 2891 ipsa
2377 2829 2500 2874 ses·

574 2891 842 2976 qualtera
870 2901 987 2965 est.
1026 2902 1129 2957 sut
1156 2900 1349 2958 exstat
1378 2911 1690 2967 numerus.
1721 2894 1817 2958 oui
1845 2897 2034 2977 possit
2062 2894 2357 2968 binarius,
2400 2896 2501 2976 qui

497 2989 553 3037 ¹¹
574 2975 2171 3147 &mummummatuew
2190 2980 2500 3148 xe..¹.;¹.;.¹:

705 3284 739 3335 8
772 3282 976 3352 duplex
1011 3299 1067 3353 ς,
1100 3282 1158 3347 h,
1192 3281 1251 3339 k.
1317 3284 1351 3335 ‘t
1385 3273 1602 3350 qiida-
1636 3299 1732 3337 ear.
1767 3281 1821 3339 h.
1921 3286 1957 3337 8
1990 3297 2054 3337 au
2096 3286 2270 3337 rae-i
2303 3285 2340 3337 l.
2436 3287 2503 3338 to

426 3387 435 3397 ·
570 3349 999 3471 *sm-..t
1031 3416 1068 3470 .
1170 3349 1535 3471 ²·.;‘·......=·¹··
1503 3345 1761 3470 *ae-..2¹
1785 3350 2031 3478 ,νη-εν
2094 3350 2413 3473 ¹·..·⁶¹¹¹⁶·e
2441 3351 2497 3469 :-

571 3497 635 3549 ’t
668 3434 965 3553 ,manvu
993 3498 1135 3539 οη.
1168 3485 1376 3545 assis.
1411 3485 1453 3549 l,
1478 3483 1519 3538 f.
1688 3485 1753 3537 st
1790 3454 1960 3552 idem]
1998 3483 2053 3537 td
2090 3490 2180 3537 est
2209 3424 2498 3553 tufi-hoe.

570 3578 760 3656 noae]
792 3582 833 3640 k
854 3586 1020 3639 “m
1242 3549 1297 3606 s.
1359 3616 1435 3671 u·
1500 3550 1606 3606 m.
1672 3616 1718 3671 ι
1808 3549 1941 3605 mx.
