2776 4161
805 246 942 301 Ana
979 244 1347 301 otonem.
1932 241 2061 312 393

254 419 357 483 liis
399 419 515 482 ism
559 417 992 499 compendiosis
1042 427 1102 481 et
1151 421 1357 480 tamen*
1400 416 1575 480 buius
1626 416 1769 481 artis
1809 415 2060 480 rudibus

170 503 591 567 ernecessariis
619 500 1153 565 introductionibus
1175 500 1364 564 lector
1394 503 1654 565 initiatus
1681 502 1734 563 si
1765 502 1827 563 in
1849 498 2062 582 aliqui·

127 523 241 651 gns
267 589 545 669 superius
573 587 893 669 propositis
924 584 1246 649 vacillando
1277 585 1628 658 abhorreat.
1663 602 1773 667 per
1801 603 1868 649 se
1896 586 2058 648 simi·

127 672 213 737 les
253 673 574 752 figurarum
619 670 1051 753 descriptiones
1106 671 1235 734 sine
1281 671 1475 734 omnis
1514 669 1924 752 impedimenti
1959 686 2059 734 re·

128 754 477 820 clamatione
506 754 847 818 adinvenire
875 763 1071 835 potest
1099 761 1159 817 et
1186 772 1565 834 componere.
2080 766 2112 813 s

254 856 371 919 Sed
410 857 528 919 iam
561 864 793 938 tempus
821 863 912 920 est
941 854 1013 918 ad
1047 854 1483 934 geometricalis
1519 872 1757 918 mensae
1787 854 2054 917 traditio·

127 959 261 1005 nem
305 939 381 1004 ab
422 940 693 1011 Archita.
754 957 876 1003 non
914 939 1155 1003 sordido
1199 941 1394 1003 buiur
1416 937 1759 1021 disciplinae
1797 946 2057 1010 auctore.

127 1024 292 1088 Latio
334 1024 834 1088 accommodatam
877 1025 1111 1097 venire.
1157 1024 1206 1087 si
1249 1025 1416 1104 prius
1460 1022 1854 1104 praemisero.
1912 1031 2060 1105 quot

126 1112 243 1172 sint
274 1125 492 1189 genera
523 1107 878 1190 angulorum
923 1117 981 1171 et
1011 1107 1301 1172 linearum
1347 1117 1407 1172 et
1446 1125 1634 1190 pauca
1676 1106 1847 1170 fuero
1886 1124 2061 1189 prae-

126 1192 359 1258 locutus
393 1193 468 1258 de
499 1192 931 1259 summitatibus
961 1202 1021 1256 et
1050 1192 1538 1257 extremitatibus.
1618 1192 1683 1260 'Q
2085 1205 2138 1251 ie

905 1383 994 1447 Dc
1030 1385 1276 1462 angulis.

256 1530 712 1596 Rationabiiiuin
744 1533 924 1613 igitur
954 1531 1305 1613 angulorum
1338 1548 1557 1611 genera
1591 1537 1732 1595 sunt
1760 1532 1901 1603 tria.
1943 1529 2062 1593 boc
2128 1561 2144 1584 κ

126 1625 215 1680 est
246 1626 503 1688 rectum.
536 1616 748 1687 hebes.
792 1626 1049 1679 acutum.
1151 1615 1312 1679 llaec
1340 1625 1538 1678 autem
1570 1614 1792 1678 babent
1828 1615 2060 1697 species

125 1701 309 1765 vnn:
357 1710 478 1764 ires
533 1710 831 1765 rectarum
877 1701 1196 1771 linearum.
1257 1709 1379 1763 tres
1421 1708 1618 1762 autem
1659 1708 1957 1763 rectarum
2000 1707 2061 1762 et

126 1786 697 1857 circumferentium,
731 1792 855 1847 tres
885 1784 1116 1848 bebetis
1144 1791 1204 1848 et
1232 1785 1800 1848 circumferentium.
2083 1795 2136 1840 is

253 1887 470 1950 Rectus
511 1886 759 1966 angulus
799 1895 890 1948 est
931 1886 1384 1964 ethigrammos.
1439 1884 1496 1947 id
1539 1892 1631 1948 est
1670 1885 1850 1948 rectis
1888 1883 2061 1947 lineis

129 1970 625 2053 comprehensus.
660 1969 840 2033 latine
870 1969 1152 2033 normalis
1181 1969 1528 2052 appellatus.
1603 1967 1889 2043 Quotiens
1919 1986 2059 2031 vero

128 2064 287 2119 recta
318 2054 470 2117 lines
512 2072 693 2137 super
736 2062 957 2118 rectam
1000 2055 1214 2118 lineam
1247 2062 1412 2117 stans
1450 2055 1675 2118 circum
1716 2070 1780 2117 se
1810 2051 2059 2135 angulos

124 2156 299 2220 pares
329 2139 564 2208 iecerit.
598 2148 663 2201 ut
691 2138 908 2219 singuli
948 2138 1146 2218 anguli
1179 2141 1326 2201 recti
1358 2140 1511 2211 sint,
1562 2146 1770 2202 extans
1799 2154 2056 2221 perpen-

127 2222 406 2287 dicularis
436 2224 563 2286 eius
594 2223 781 2286 lineae
810 2242 990 2305 super
1020 2240 1196 2303 quam
1227 2223 1471 2292 insistit.
1504 2230 1702 2285 vertex
1736 2229 1858 2293 est.
1889 2223 2059 2285 cuius
2081 2234 2136 2279 ss

124 2307 324 2371 sedem
381 2308 430 2369 si
483 2306 851 2371 subtendens
890 2307 1042 2369 linea
1087 2305 1563 2389 perpendiculari
1613 2307 1797 2370 suerii
1836 2307 2057 2379 iuncta.

126 2393 343 2455 efficiet
371 2391 729 2473 triangulum
761 2390 1211 2473 rectiangulum.

251 2476 448 2540 Hebes
488 2476 738 2557 angulus
778 2486 867 2539 est
913 2475 1047 2556 plus
1090 2475 1372 2539 normalis
1403 2476 1518 2539 boc
1548 2485 1638 2539 est
1679 2472 1878 2556 anguli
1907 2475 2058 2538 recti

123 2561 474 2640 positionem
507 2560 820 2626 excedens.
853 2560 988 2642 quia
1018 2568 1080 2622 et
1108 2561 1159 2624 si
1189 2558 1522 2639 triangulus
1550 2559 1878 2622 secundum
1902 2557 2059 2622 banc

124 2644 477 2723 positionem
508 2646 863 2707 constitutus
894 2643 1102 2716 suerit.
1144 2642 1696 2726 perpendicularem
1726 2651 1894 2707 extra
1920 2642 2056 2705 ilni·
2079 2654 2135 2702 ι

126 2728 296 2789 limas
325 2726 513 2791 lineas
542 2726 802 2789 habebit.
1708 2737 1718 2748 ·

248 2813 469 2874 Acutus
498 2817 697 2874 autem
728 2810 977 2891 angulus
1006 2819 1099 2874 est
1126 2812 1526 2893 compressior
1554 2819 1738 2874 recto.
1799 2806 1915 2882 Qut
1943 2811 1992 2873 si
2021 2827 2057 2874 ι

123 2902 284 2957 recta
313 2893 465 2957 linea
497 2911 649 2976 quae
694 2893 851 2957 sedis
891 2894 1025 2958 loco
1064 2896 1268 2967 luerit.
1318 2904 1541 2959 rectam
1581 2893 1798 2958 lineam
1842 2910 2055 2959 secun·

126 2977 265 3041 dum
295 2995 463 3041 suam
519 2976 962 3043 inclinationem
1016 2980 1307 3051 emiserit,
1358 2978 1533 3042 simili
1575 2995 1652 3042 ue
1696 2976 2056 3043 cohibitione
2112 2994 2118 3001 ·

124 3072 344 3127 rectam
376 3060 592 3126 lineam
623 3064 682 3125 in
712 3081 1029 3127 occursum
1059 3064 1393 3144 exceperit.
1424 3063 1557 3125 ei'iic
1579 3071 1642 3126 et
1668 3059 2049 3142 tritomum,
2073 3075 2131 3121 ss

124 3148 224 3225 qui
253 3144 802 3228 perpendicularem
832 3148 987 3210 intra
1015 3156 1141 3211 tres
1166 3144 1354 3211 lineas
1382 3145 1645 3210 babebit.

245 3243 469 3310 Rectus
496 3263 642 3327 ergo
670 3245 923 3327 angulus
951 3256 1044 3309 est
1071 3244 1388 3318 normalis.
1432 3245 1619 3310 hebes
1644 3245 2053 3347 plustnorms·

257 3429 430 3482 liam
488 3430 658 3483 etiam
695 3446 745 3483 e.
882 3427 2056 3498 opmmmmadaetemnxpuett

122 3489 266 3548 liber
297 3496 345 3551 1.
443 3496 621 3565 ncipit
652 3495 809 3565 prelo
949 3496 1008 3549 in
1041 3496 1343 3550 uenndnm
1376 3494 1595 3549 librum.
1732 3495 1767 3550 8
1800 3494 1945 3564 qnod
1978 3510 2051 3550 ι.

124 3560 183 3611 11
218 3561 430 3629 Incipit
462 3562 607 3616 liber
640 3578 775 3616 seen
852 3579 918 3617 ns
951 3578 1023 3617 m.
1166 3566 1229 3618 io
1262 3577 1470 3632 parens
1505 3578 1557 3617 e.
