2776 4161
894 259 1033 315 Ans
1072 257 1447 314 otonem.
2014 256 2146 327 425

216 432 275 496 in
307 447 558 495 ascensu
593 427 638 493 D
680 429 863 513 pedes
904 427 1133 492 itabens
1175 428 1378 501 fuerit.
1424 428 1539 492 itoe
1569 438 1742 511 pacto
1773 429 1978 510 iugera
2007 437 2149 494 sunt.

214 514 660 580 adinvenienda.
768 515 1213 594 coniungantur
1255 530 1400 595 ergo
1450 513 1628 577 trium
1668 512 2146 596 supradictorum

214 618 569 681 circuituum
602 631 868 712 su—mmae
894 624 954 679 et
981 613 1085 678 iiii
1128 612 1221 678 CC
1249 624 1589 679 nascuntur.
1677 613 1943 688 Quorum
1974 615 2145 679 tertia

211 725 415 800 parte.
450 714 508 778 id
541 724 632 778 est
661 715 684 779 i
712 714 896 781 CCCC
926 716 1141 779 montis
1170 717 1596 790 ascensionem.
1630 715 1744 780 hoe
1773 723 1864 780 est
1896 715 1960 788 i).
1994 712 2144 779 tnui·

212 815 517 900 tipiicante
557 816 700 881 DCC
745 815 1061 899 prodeunt.
1165 815 1325 890 Quos
1374 832 1485 897 per
1530 807 1734 897 iugera
1788 815 2198 900 dispertienss

208 900 426 966 ΧΧΙΙΙΙ
465 899 685 964 efficies
715 917 833 964 non
867 899 998 985 pius
1027 917 1203 983 quam
1234 899 1505 963 ducentis
1534 899 1784 982 pedibus
1814 900 2086 966 residuis.

334 984 506 1049 Mons
536 993 731 1049 autem
764 984 1030 1058 strabus,
1064 983 1119 1048 id
1152 993 1244 1049 est
1272 982 1618 1066 inaequalis,
1660 986 1711 1048 si
1744 985 1921 1050 iuerit
1949 986 2008 1050 in
2041 1002 2146 1069 pe·

212 1084 304 1149 dis
334 1084 812 1150 circumferentia
857 1084 1091 1150 iCCCC
1135 1094 1195 1150 et
1236 1085 1295 1149 in
1338 1087 1576 1150 verticis
1617 1083 1842 1150 declivo
1874 1085 1965 1151 CC
1995 1086 2143 1151 etin

212 1170 457 1236 dextrae
492 1173 676 1253 partis
722 1171 1065 1235 ascensione
1110 1170 1371 1242 DCCCL.
1416 1171 1478 1233 in
1522 1169 1670 1235 iaevi
1709 1170 1910 1235 lateris
1949 1178 2144 1234 autem

211 1264 522 1338 susspectu
560 1255 746 1320 DCCL
789 1257 970 1337 pedes
1009 1254 1261 1327 itabens.
1304 1254 1586 1337 iugeraiis
1625 1256 1685 1319 in
1717 1274 1789 1319 eo
1818 1257 1926 1320 sita
1957 1253 2144 1337 plani·
2169 1270 2226 1315 ιο
2267 1300 2271 1303 «

212 1341 355 1405 tudo
388 1339 502 1405 hoe
533 1341 709 1411 modo
740 1349 830 1404 est
873 1339 1220 1420 indaganda.
1310 1341 1590 1404 Sumatur
1631 1341 1849 1404 etenim
1891 1339 2144 1404 duarum

218 1426 501 1490 medietas
543 1427 1159 1490 circumferentiarum
1203 1425 1260 1487 in
1304 1442 1487 1489 unum
1529 1423 1905 1497 collatarum.
1947 1424 2007 1487 id
2056 1432 2148 1488 est.

216 1509 406 1576 DCCC
447 1521 506 1574 et
546 1528 899 1575 ascensuum
941 1510 1405 1590 compositorum
1448 1528 1586 1591 pars
1626 1508 1853 1580 media.
1898 1507 2016 1572 hoe
2057 1515 2148 1573 est

221 1610 411 1676 DCCC
453 1620 513 1674 et
552 1629 657 1675 eae
698 1610 1043 1673 medietates
1073 1627 1182 1692 per
1220 1627 1286 1673 se
1316 1608 1739 1691 multiplicatae
1771 1609 1966 1674 1)ch
2006 1626 2144 1691 pro·
2177 1641 2185 1648 ·

220 1694 477 1765 ducunt.
522 1694 855 1775 podismum
895 1693 1122 1758 scilicet
1150 1696 1368 1757 montis
1406 1693 1750 1776 supradicti.
1850 1693 1934 1757 Ex
1966 1693 2144 1775 peda·
2169 1707 2227 1753 aa

219 1787 346 1841 tura
408 1786 603 1842 autem
663 1778 984 1858 iugeraIcm
1045 1779 1214 1842 iaciio
1263 1795 1554 1842 summam
1607 1777 1934 1842 secuudum
1985 1775 2142 1860 quod

210 1860 432 1924 dietum
466 1868 555 1924 est
582 1878 763 1941 supra
793 1862 1073 1924 invenies.

339 1942 489 2015 Quia
522 1946 700 2025 igitur
731 1943 806 2008 de
846 1946 1111 2009 omnium
1143 1945 1279 2010 huie
1309 1946 1422 2010 arti
1452 1944 1903 2010 inserendarum
1933 1961 2143 2026 specu·

212 2027 498 2094 lationum
541 2029 868 2094 rationibus
910 2028 1168 2094 breviter
1209 2029 1579 2112 enodateque
1619 2040 1712 2095 sat
1738 2030 2140 2103 disseruimus.

212 2113 510 2196 reliquum
542 2121 660 2186 est,
703 2122 767 2177 nt
795 2113 871 2178 ds
901 2115 1116 2179 unciaii
1150 2124 1210 2178 et
1238 2114 1460 2195 digitali
1490 2132 1766 2180 mensura
1797 2124 1859 2181 et
1887 2115 1963 2180 de
1990 2130 2140 2198 pun·
2163 2123 2223 2170 ί·

211 2206 443 2262 ciorum
492 2205 551 2261 et
591 2197 954 2264 minutorum
988 2201 1319 2281 ceterisque
1350 2199 1642 2272 minutiis.
1686 2202 1840 2264 sicut
1870 2198 2142 2282 promisi-

210 2299 372 2355 mus.
417 2281 712 2356 dicamus.
764 2282 1093 2346 mirabilem
1142 2292 1201 2346 et
1239 2285 1352 2348 arti
1383 2281 1523 2348 intio
1552 2286 1885 2367 ceterisque
1916 2281 2141 2348 matite-

208 2384 343 2430 seos
373 2365 700 2450 disciplinis
731 2368 1126 2431 necessariam
1158 2368 1408 2450 figuram
1427 2413 1444 2441 ,
1494 2387 1671 2450 quam
1703 2367 1939 2433 Arcitita
1970 2383 2142 2451 prae·

208 2459 576 2516 monstrante
607 2450 946 2525 didicimus,
989 2451 1223 2516 edituri.

982 2639 1069 2700 De
1098 2644 1367 2700 minutiis.
2161 2661 2221 2708 u

344 2785 585 2850 Veteres
626 2786 802 2867 igitur
842 2789 1239 2868 geometricas
1289 2789 1434 2852 artis
1473 2787 1847 2871 indagatores
1884 2786 2142 2855 subtilis·

212 2871 376 2943 simi.
410 2873 784 2953 maximeque
829 2871 1232 2953 Pythagorici.
1275 2889 1412 2936 cum
1456 2874 1654 2938 omnia
1697 2875 1874 2938 certis
1903 2891 2140 2938 mensu·

212 2971 415 3018 rarum
446 2954 777 3020 dividentes
819 2955 1145 3021 rationibus
1173 2956 1247 3021 ad
1277 2975 1377 3031 ea.
1421 2975 1575 3040 quae
1614 2966 1822 3023 natura
1861 2965 2143 3024 renueret

208 3038 387 3103 dividi
422 3049 482 3103 et
508 3041 732 3114 secari,
774 3058 964 3123 usque
995 3043 1406 3123 pervenirent.
1450 3044 1689 3123 ingenio
1730 3044 2141 3123 praesignante

211 3143 311 3195 ea.
345 3141 498 3206 qnae
528 3123 875 3189 naturaiiter
903 3135 1075 3189 erant
1098 3124 1502 3199 indivisibilia.
1535 3128 1741 3209 positis
1769 3127 1926 3190 notis
1951 3126 2139 3189 nomi⁶
2161 3149 2220 3194 aa

211 3207 506 3289 nibusqus
558 3208 709 3272 datis
757 3207 1128 3288 disperdere.
1214 3207 1363 3274 Cum
1405 3227 1546 3274 rere
1588 3226 1768 3292 agros
1807 3227 1916 3292 per
1955 3217 2140 3283 aetus.

340 3380 376 3429 4
411 3359 449 3431 ‘1'
467 3374 608 3429 000
644 3390 703 3441 ος
738 3372 981 3429 mccc
1026 3390 1096 3428 n.
1240 3377 1277 3429 0
1320 3373 1593 3445 dum-tis}
1633 3375 1726 3429 00
1759 3390 1830 3429 ιιι.
1900 3374 2142 3430 δαΐδω-

204 3462 320 3579 t':
338 3462 452 3580 1:22¹.
479 3458 615 3581 2¹3¹
632 3457 1404 3595 ”iffi-¹2:352&
1432 3461 1959 3595 ‘imma
1984 3460 2022 3513 ⁸
2044 3473 2143 3580 ’τε

203 3597 263 3644 et
294 3597 388 3645 aas
419 3607 490 3646 n.
625 3593 690 3644 n
727 3597 788 3646 et
819 3592 1027 3645 esuris
1059 3607 1134 3647 ιι.
