<?xml version="1.0" encoding="UTF-8"?>
<!DOCTYPE html PUBLIC "-//W3C//DTD XHTML 1.0 Transitional//EN"
    "http://www.w3.org/TR/xhtml1/DTD/xhtml1-transitional.dtd">
<html xmlns="http://www.w3.org/1999/xhtml" xml:lang="en" lang="en">
 <head>
  <title>
</title>
<meta http-equiv="Content-Type" content="text/html;charset=utf-8" />
  <meta name='ocr-system' content='tesseract 3.04.00' />
  <meta name='ocr-capabilities' content='ocr_page ocr_carea ocr_par ocr_line ocrx_word'/>
</head>
<body>
  <div class='ocr_page' id='page_1' title='image "aniciimanliitor02friegoog_0273.png"; bbox 0 0 2776 4161; ppageno 0'>
   <div class='ocr_carea' id='block_1_1' title="bbox 571 218 1817 285">
    <p class='ocr_par' dir='ltr' id='par_1_1' title="bbox 571 218 1817 285">
     <span class='ocr_line' id='line_1_1' title="bbox 571 218 1817 285; baseline 0.002 -13"><span class='ocrx_word' id='word_1_1' title='bbox 571 218 701 285; x_wconf 75' lang='lat'>402</span> <span class='ocrx_word' id='word_1_2' title='bbox 1269 220 1406 274; x_wconf 74' lang='lat' dir='ltr'>Ans</span> <span class='ocrx_word' id='word_1_3' title='bbox 1442 220 1817 275; x_wconf 73' lang='lat' dir='ltr'>GEOMETB.</span> 
     </span>
    </p>
   </div>
   <div class='ocr_carea' id='block_1_2' title="bbox 496 385 2501 968">
    <p class='ocr_par' dir='ltr' id='par_1_2' title="bbox 698 385 2500 469">
     <span class='ocr_line' id='line_1_2' title="bbox 698 385 2500 469; baseline -0.001 -17"><span class='ocrx_word' id='word_1_4' title='bbox 698 385 1009 452; x_wconf 68' lang='lat' dir='ltr'>Miliarium</span> <span class='ocrx_word' id='word_1_5' title='bbox 1040 405 1181 452; x_wconf 80' lang='lat' dir='ltr'>vero</span> <span class='ocrx_word' id='word_1_6' title='bbox 1210 388 1473 469; x_wconf 82' lang='lat' dir='ltr'>quinque</span> <span class='ocrx_word' id='word_1_7' title='bbox 1514 387 1673 450; x_wconf 86' lang='lat' dir='ltr'>milia</span> <span class='ocrx_word' id='word_1_8' title='bbox 1703 387 1920 469; x_wconf 87' lang='lat' dir='ltr'>pedum</span> <span class='ocrx_word' id='word_1_9' title='bbox 1953 388 2365 466; x_wconf 64' lang='lat' dir='ltr'>protensiones</span> <span class='ocrx_word' id='word_1_10' title='bbox 2394 389 2500 450; x_wconf 85' lang='lat' dir='ltr'>ha·</span> 
     </span>
    </p>

    <p class='ocr_par' dir='ltr' id='par_1_3' title="bbox 496 468 2501 968">
     <span class='ocr_line' id='line_1_3' title="bbox 496 468 2501 550; baseline 0.001 -18"><span class='ocrx_word' id='word_1_11' title='bbox 496 477 501 484; x_wconf 82' lang='lat'>&#39;</span> <span class='ocrx_word' id='word_1_12' title='bbox 571 468 717 533; x_wconf 87' lang='lat' dir='ltr'>bere</span> <span class='ocrx_word' id='word_1_13' title='bbox 745 473 1073 534; x_wconf 72' lang='lat' dir='ltr'><strong>sanccitum</strong></span> <span class='ocrx_word' id='word_1_14' title='bbox 1105 481 1223 538; x_wconf 79' lang='lat' dir='ltr'>est:</span> <span class='ocrx_word' id='word_1_15' title='bbox 1268 471 1519 533; x_wconf 86' lang='lat' dir='ltr'>stadium</span> <span class='ocrx_word' id='word_1_16' title='bbox 1551 481 1746 533; x_wconf 70' lang='lat' dir='ltr'>atatem</span> <span class='ocrx_word' id='word_1_17' title='bbox 1785 471 2031 535; x_wconf 82' lang='lat' dir='ltr'><strong>DCXXV</strong></span> <span class='ocrx_word' id='word_1_18' title='bbox 2061 471 2246 550; x_wconf 84' lang='lat' dir='ltr'>pedes</span> <span class='ocrx_word' id='word_1_19' title='bbox 2275 470 2501 534; x_wconf 84' lang='lat' dir='ltr'>babere</span> 
     </span>
     <span class='ocr_line' id='line_1_4' title="bbox 571 553 2498 635; baseline -0.001 -19"><span class='ocrx_word' id='word_1_20' title='bbox 571 562 819 616; x_wconf 81' lang='lat' dir='ltr'>constal.</span> <span class='ocrx_word' id='word_1_21' title='bbox 893 559 1073 618; x_wconf 77' lang='lat' dir='ltr'>Actus</span> <span class='ocrx_word' id='word_1_22' title='bbox 1103 553 1392 617; x_wconf 77' lang='lat' dir='ltr'>trifariam</span> <span class='ocrx_word' id='word_1_23' title='bbox 1433 555 1740 626; x_wconf 63' lang='lat' dir='ltr'>alswit-w,</span> <span class='ocrx_word' id='word_1_24' title='bbox 1782 557 1843 616; x_wconf 88' lang='lat' dir='ltr'>ln</span> <span class='ocrx_word' id='word_1_25' title='bbox 1888 557 2204 624; x_wconf 86' lang='lat' dir='ltr'>minutum.</span> <span class='ocrx_word' id='word_1_26' title='bbox 2248 554 2309 617; x_wconf 86' lang='lat' dir='ltr'>in</span> <span class='ocrx_word' id='word_1_27' title='bbox 2353 569 2498 635; x_wconf 81' lang='lat' dir='ltr'>qna·</span> 
     </span>
     <span class='ocr_line' id='line_1_5' title="bbox 571 635 2501 717; baseline 0 -19"><span class='ocrx_word' id='word_1_28' title='bbox 571 635 835 707; x_wconf 87' lang='lat' dir='ltr'>dratum.</span> <span class='ocrx_word' id='word_1_29' title='bbox 869 639 925 698; x_wconf 92' lang='lat' dir='ltr'>in</span> <span class='ocrx_word' id='word_1_30' title='bbox 958 637 1339 717; x_wconf 84' lang='lat' dir='ltr'>duplicatum.</span> <span class='ocrx_word' id='word_1_31' title='bbox 1416 640 1595 699; x_wconf 78' lang='lat' dir='ltr'>Actus</span> <span class='ocrx_word' id='word_1_32' title='bbox 1637 639 1909 699; x_wconf 80' lang='lat' dir='ltr'>minimus</span> <span class='ocrx_word' id='word_1_33' title='bbox 1942 635 2045 699; x_wconf 92' lang='lat' dir='ltr'>llll</span> <span class='ocrx_word' id='word_1_34' title='bbox 2076 645 2300 698; x_wconf 87' lang='lat' dir='ltr'>tantum</span> <span class='ocrx_word' id='word_1_35' title='bbox 2333 638 2501 716; x_wconf 89' lang='lat' dir='ltr'>pedi-</span> 
     </span>
     <span class='ocr_line' id='line_1_6' title="bbox 517 717 2498 800; baseline 0.002 -23"><span class='ocrx_word' id='word_1_36' title='bbox 517 718 683 782; x_wconf 84' lang='lat' dir='ltr'>sbus</span> <span class='ocrx_word' id='word_1_37' title='bbox 721 721 781 782; x_wconf 94' lang='lat' dir='ltr'>ln</span> <span class='ocrx_word' id='word_1_38' title='bbox 825 717 1126 782; x_wconf 85' lang='lat' dir='ltr'>latitudine</span> <span class='ocrx_word' id='word_1_39' title='bbox 1171 727 1227 783; x_wconf 92' lang='lat' dir='ltr'>et</span> <span class='ocrx_word' id='word_1_40' title='bbox 1270 719 1422 782; x_wconf 79' lang='lat' dir='ltr'>CXX</span> <span class='ocrx_word' id='word_1_41' title='bbox 1467 721 1714 800; x_wconf 89' lang='lat' dir='ltr'>pedibus</span> <span class='ocrx_word' id='word_1_42' title='bbox 1753 720 1813 781; x_wconf 93' lang='lat' dir='ltr'>in</span> <span class='ocrx_word' id='word_1_43' title='bbox 1859 719 2223 796; x_wconf 75' lang='lat' dir='ltr'>longitudine</span> <span class='ocrx_word' id='word_1_44' title='bbox 2252 729 2498 800; x_wconf 89' lang='lat' dir='ltr'>proten-</span> 
     </span>
     <span class='ocr_line' id='line_1_7' title="bbox 570 801 2499 884; baseline -0.001 -20"><span class='ocrx_word' id='word_1_45' title='bbox 570 801 747 865; x_wconf 89' lang='lat' dir='ltr'>ditur.</span> <span class='ocrx_word' id='word_1_46' title='bbox 823 806 1004 866; x_wconf 78' lang='lat' dir='ltr'>Actus</span> <span class='ocrx_word' id='word_1_47' title='bbox 1032 821 1172 866; x_wconf 83' lang='lat' dir='ltr'>vero</span> <span class='ocrx_word' id='word_1_48' title='bbox 1202 803 1530 884; x_wconf 80' lang='lat' dir='ltr'>quadratus</span> <span class='ocrx_word' id='word_1_49' title='bbox 1559 821 1629 865; x_wconf 84' lang='lat' dir='ltr'>ex</span> <span class='ocrx_word' id='word_1_50' title='bbox 1661 805 1822 865; x_wconf 88' lang='lat' dir='ltr'>omni</span> <span class='ocrx_word' id='word_1_51' title='bbox 1854 803 2037 865; x_wconf 82' lang='lat' dir='ltr'>latere</span> <span class='ocrx_word' id='word_1_52' title='bbox 2067 801 2218 866; x_wconf 79' lang='lat' dir='ltr'>CXX</span> <span class='ocrx_word' id='word_1_53' title='bbox 2247 802 2499 882; x_wconf 88' lang='lat' dir='ltr'>pedibus</span> 
     </span>
     <span class='ocr_line' id='line_1_8' title="bbox 560 885 2494 968; baseline 0.001 -21"><span class='ocrx_word' id='word_1_54' title='bbox 560 885 962 949; x_wconf 74' lang='lat' dir='ltr'>concluditur.</span> <span class='ocrx_word' id='word_1_55' title='bbox 1010 891 1188 950; x_wconf 77' lang='lat' dir='ltr'>Actus</span> <span class='ocrx_word' id='word_1_56' title='bbox 1210 893 1405 949; x_wconf 76' lang='lat' dir='ltr'>autem</span> <span class='ocrx_word' id='word_1_57' title='bbox 1430 887 1759 968; x_wconf 82' lang='lat' dir='ltr'>duplicatus</span> <span class='ocrx_word' id='word_1_58' title='bbox 1791 885 1980 949; x_wconf 76' lang='lat' dir='ltr'>ccxl.</span> <span class='ocrx_word' id='word_1_59' title='bbox 2018 887 2199 965; x_wconf 87' lang='lat' dir='ltr'>pedes</span> <span class='ocrx_word' id='word_1_60' title='bbox 2221 886 2494 966; x_wconf 82' lang='lat' dir='ltr'>explicat.</span> 
     </span>
    </p>
   </div>
   <div class='ocr_carea' id='block_1_3' title="bbox 537 1000 2493 1168">
    <p class='ocr_par' dir='ltr' id='par_1_4' title="bbox 537 1000 2493 1168">
     <span class='ocr_line' id='line_1_9' title="bbox 698 1000 2493 1084; baseline -0.001 -19"><span class='ocrx_word' id='word_1_61' title='bbox 698 1000 1065 1083; x_wconf 82' lang='lat' dir='ltr'>Decempeda</span> <span class='ocrx_word' id='word_1_62' title='bbox 1098 1002 1281 1082; x_wconf 85' lang='lat' dir='ltr'>pedes</span> <span class='ocrx_word' id='word_1_63' title='bbox 1308 1004 1359 1066; x_wconf 82' lang='grc' dir='ltr'><strong>Χ</strong></span> <span class='ocrx_word' id='word_1_64' title='bbox 1388 1002 1639 1083; x_wconf 81' lang='lat' dir='ltr'>colligit,</span> <span class='ocrx_word' id='word_1_65' title='bbox 1672 1021 1879 1084; x_wconf 84' lang='lat' dir='ltr'>passus</span> <span class='ocrx_word' id='word_1_66' title='bbox 1909 1005 1983 1076; x_wconf 84' lang='lat' dir='ltr'>V,</span> <span class='ocrx_word' id='word_1_67' title='bbox 2016 1002 2234 1082; x_wconf 80' lang='lat' dir='ltr'>gradus</span> <span class='ocrx_word' id='word_1_68' title='bbox 2273 1002 2350 1075; x_wconf 85' lang='lat' dir='ltr'>n.</span> <span class='ocrx_word' id='word_1_69' title='bbox 2389 1021 2493 1066; x_wconf 90' lang='lat' dir='ltr'>cu·</span> 
     </span>
     <span class='ocr_line' id='line_1_10' title="bbox 537 1083 2366 1168; baseline 0 -19"><span class='ocrx_word' id='word_1_70' title='bbox 537 1155 541 1160; x_wconf 17' lang='lat' dir='ltr'><em>ff</em></span> <span class='ocrx_word' id='word_1_71' title='bbox 567 1083 726 1149; x_wconf 86' lang='lat' dir='ltr'>bitus</span> <span class='ocrx_word' id='word_1_72' title='bbox 753 1086 779 1150; x_wconf 89' lang='lat' dir='ltr'>l</span> <span class='ocrx_word' id='word_1_73' title='bbox 808 1085 1022 1168; x_wconf 88' lang='lat' dir='ltr'>pedem</span> <span class='ocrx_word' id='word_1_74' title='bbox 1054 1085 1276 1149; x_wconf 84' lang='lat' dir='ltr'>babere</span> <span class='ocrx_word' id='word_1_75' title='bbox 1305 1086 1648 1152; x_wconf 87' lang='lat' dir='ltr'>dinoscitur.</span> <span class='ocrx_word' id='word_1_76' title='bbox 2350 1099 2366 1115; x_wconf 90' lang='lat'><strong>·</strong></span> 
     </span>
    </p>
   </div>
   <div class='ocr_carea' id='block_1_4' title="bbox 311 1176 2595 1294">
    <p class='ocr_par' dir='ltr' id='par_1_5' title="bbox 311 1176 2595 1294">
     <span class='ocr_line' id='line_1_11' title="bbox 311 1176 2595 1294; baseline 0.005 -38"><span class='ocrx_word' id='word_1_77' title='bbox 311 1245 320 1256; x_wconf 93' lang='lat'>.</span> <span class='ocrx_word' id='word_1_78' title='bbox 387 1286 395 1294; x_wconf 36' lang='lat'>·</span> <span class='ocrx_word' id='word_1_79' title='bbox 493 1215 548 1259; x_wconf 76' lang='grc' dir='ltr'>ιο</span> <span class='ocrx_word' id='word_1_80' title='bbox 674 1176 811 1267; x_wconf 60' lang='grc' dir='ltr'>Ῥεο</span> <span class='ocrx_word' id='word_1_81' title='bbox 852 1214 1051 1267; x_wconf 88' lang='lat' dir='ltr'>autem</span> <span class='ocrx_word' id='word_1_82' title='bbox 1095 1200 1323 1283; x_wconf 84' lang='lat' dir='ltr'>palmos</span> <span class='ocrx_word' id='word_1_83' title='bbox 1361 1201 1603 1266; x_wconf 78' lang='lat' dir='ltr'>babebit</span> <span class='ocrx_word' id='word_1_84' title='bbox 1645 1203 1777 1276; x_wconf 83' lang='lat' dir='ltr'>llll.</span> <span class='ocrx_word' id='word_1_85' title='bbox 1832 1206 2087 1285; x_wconf 89' lang='lat' dir='ltr'>semipes</span> <span class='ocrx_word' id='word_1_86' title='bbox 2128 1204 2212 1275; x_wconf 75' lang='lat' dir='ltr'>ll:</span> <span class='ocrx_word' id='word_1_87' title='bbox 2265 1202 2498 1285; x_wconf 84' lang='lat' dir='ltr'>palmus</span> <span class='ocrx_word' id='word_1_88' title='bbox 2591 1242 2595 1246; x_wconf 94' lang='lat'><em>-</em></span> 
     </span>
    </p>
   </div>
   <div class='ocr_carea' id='block_1_5' title="bbox 567 1285 2006 1369">
    <p class='ocr_par' dir='ltr' id='par_1_6' title="bbox 567 1285 2006 1369">
     <span class='ocr_line' id='line_1_12' title="bbox 567 1285 2006 1369; baseline 0.002 -21"><span class='ocrx_word' id='word_1_89' title='bbox 567 1302 710 1350; x_wconf 79' lang='lat' dir='ltr'>vero</span> <span class='ocrx_word' id='word_1_90' title='bbox 740 1285 846 1351; x_wconf 86' lang='lat' dir='ltr'>llll</span> <span class='ocrx_word' id='word_1_91' title='bbox 876 1285 1193 1366; x_wconf 79' lang='lat' dir='ltr'>digitorum</span> <span class='ocrx_word' id='word_1_92' title='bbox 1235 1289 1614 1367; x_wconf 77' lang='lat' dir='ltr'>protensione</span> <span class='ocrx_word' id='word_1_93' title='bbox 1653 1285 2006 1369; x_wconf 89' lang='lat' dir='ltr'>completur.</span> 
     </span>
    </p>
   </div>
   <div class='ocr_carea' id='block_1_6' title="bbox 491 1401 2498 1987">
    <p class='ocr_par' dir='ltr' id='par_1_7' title="bbox 565 1401 2498 1654">
     <span class='ocr_line' id='line_1_13' title="bbox 696 1401 2497 1485; baseline 0.001 -17"><span class='ocrx_word' id='word_1_94' title='bbox 696 1403 778 1468; x_wconf 86' lang='lat' dir='ltr'>De</span> <span class='ocrx_word' id='word_1_95' title='bbox 820 1401 1032 1468; x_wconf 84' lang='lat' dir='ltr'>unciali</span> <span class='ocrx_word' id='word_1_96' title='bbox 1076 1421 1215 1468; x_wconf 84' lang='lat' dir='ltr'>vero</span> <span class='ocrx_word' id='word_1_97' title='bbox 1259 1413 1321 1469; x_wconf 85' lang='lat' dir='ltr'>et</span> <span class='ocrx_word' id='word_1_98' title='bbox 1359 1402 1582 1485; x_wconf 77' lang='lat' dir='ltr'>digitali</span> <span class='ocrx_word' id='word_1_99' title='bbox 1627 1421 1900 1469; x_wconf 84' lang='lat' dir='ltr'>mensura</span> <span class='ocrx_word' id='word_1_100' title='bbox 1942 1404 2180 1475; x_wconf 85' lang='lat' dir='ltr'>melius,</span> <span class='ocrx_word' id='word_1_101' title='bbox 2243 1422 2378 1469; x_wconf 88' lang='lat' dir='ltr'>cum</span> <span class='ocrx_word' id='word_1_102' title='bbox 2421 1406 2497 1469; x_wconf 87' lang='lat' dir='ltr'>de</span> 
     </span>
     <span class='ocr_line' id='line_1_14' title="bbox 565 1485 2498 1572; baseline 0.001 -21"><span class='ocrx_word' id='word_1_103' title='bbox 565 1485 895 1552; x_wconf 69' lang='lat' dir='ltr'>uncialibus</span> <span class='ocrx_word' id='word_1_104' title='bbox 935 1496 998 1552; x_wconf 86' lang='lat' dir='ltr'>et</span> <span class='ocrx_word' id='word_1_105' title='bbox 1036 1488 1188 1551; x_wconf 87' lang='lat' dir='ltr'>notis</span> <span class='ocrx_word' id='word_1_106' title='bbox 1230 1497 1289 1551; x_wconf 92' lang='lat' dir='ltr'>et</span> <span class='ocrx_word' id='word_1_107' title='bbox 1331 1487 1666 1552; x_wconf 84' lang='lat' dir='ltr'>nominibus</span> <span class='ocrx_word' id='word_1_108' title='bbox 1709 1491 1767 1553; x_wconf 87' lang='lat' dir='ltr'>in</span> <span class='ocrx_word' id='word_1_109' title='bbox 1812 1489 2198 1572; x_wconf 79' lang='lat' dir='ltr'>sequentibus</span> <span class='ocrx_word' id='word_1_110' title='bbox 2235 1489 2498 1570; x_wconf 87' lang='lat' dir='ltr'>disputa·</span> 
     </span>
     <span class='ocr_line' id='line_1_15' title="bbox 565 1570 2495 1654; baseline 0.002 -20"><span class='ocrx_word' id='word_1_111' title='bbox 565 1572 852 1644; x_wconf 79' lang='lat' dir='ltr'>verimus.</span> <span class='ocrx_word' id='word_1_112' title='bbox 912 1572 1201 1642; x_wconf 87' lang='lat' dir='ltr'>dicemus.</span> <span class='ocrx_word' id='word_1_113' title='bbox 1274 1570 1740 1653; x_wconf 81' lang='lat' dir='ltr'>enodatiusque.</span> <span class='ocrx_word' id='word_1_114' title='bbox 1811 1590 1948 1636; x_wconf 85' lang='lat' dir='ltr'>cum</span> <span class='ocrx_word' id='word_1_115' title='bbox 2007 1573 2082 1637; x_wconf 89' lang='lat' dir='ltr'>de</span> <span class='ocrx_word' id='word_1_116' title='bbox 2140 1581 2495 1654; x_wconf 87' lang='lat' dir='ltr'>punctorum</span> 
     </span>
    </p>

    <p class='ocr_par' dir='ltr' id='par_1_8' title="bbox 491 1654 2497 1987">
     <span class='ocr_line' id='line_1_16' title="bbox 491 1654 2495 1739; baseline 0.002 -25"><span class='ocrx_word' id='word_1_117' title='bbox 491 1667 543 1713; x_wconf 73' lang='lat' dir='ltr'>is</span> <span class='ocrx_word' id='word_1_118' title='bbox 568 1657 1044 1736; x_wconf 78' lang='lat' dir='ltr'>minutorumque</span> <span class='ocrx_word' id='word_1_119' title='bbox 1086 1654 1506 1719; x_wconf 70' lang='lat' dir='ltr'>subtilitatibus</span> <span class='ocrx_word' id='word_1_120' title='bbox 1547 1657 2058 1738; x_wconf 85' lang='lat' dir='ltr'>praemiserimus.</span> <span class='ocrx_word' id='word_1_121' title='bbox 2114 1656 2495 1739; x_wconf 68' lang='lat' dir='ltr'>eloquemurz</span> 
     </span>
     <span class='ocr_line' id='line_1_17' title="bbox 567 1739 2496 1822; baseline 0.001 -21"><span class='ocrx_word' id='word_1_122' title='bbox 567 1756 728 1802; x_wconf 89' lang='lat' dir='ltr'>nunc</span> <span class='ocrx_word' id='word_1_123' title='bbox 755 1739 830 1801; x_wconf 89' lang='lat' dir='ltr'>ad</span> <span class='ocrx_word' id='word_1_124' title='bbox 859 1739 1161 1822; x_wconf 84' lang='lat' dir='ltr'>sequentis</span> <span class='ocrx_word' id='word_1_125' title='bbox 1192 1745 1476 1801; x_wconf 80' lang='lat' dir='ltr'>tractatus</span> <span class='ocrx_word' id='word_1_126' title='bbox 1505 1740 1939 1803; x_wconf 85' lang='lat' dir='ltr'>enarrationem</span> <span class='ocrx_word' id='word_1_127' title='bbox 1986 1740 2182 1803; x_wconf 87' lang='lat' dir='ltr'>redire</span> <span class='ocrx_word' id='word_1_128' title='bbox 2214 1757 2322 1804; x_wconf 89' lang='lat' dir='ltr'>nos</span> <span class='ocrx_word' id='word_1_129' title='bbox 2353 1758 2496 1803; x_wconf 92' lang='lat' dir='ltr'>con·</span> 
     </span>
     <span class='ocr_line' id='line_1_18' title="bbox 567 1822 2497 1904; baseline 0.001 -21"><span class='ocrx_word' id='word_1_130' title='bbox 567 1823 758 1893; x_wconf 75' lang='lat' dir='ltr'>venit.</span> <span class='ocrx_word' id='word_1_131' title='bbox 798 1824 848 1884; x_wconf 89' lang='lat' dir='ltr'>si</span> <span class='ocrx_word' id='word_1_132' title='bbox 892 1824 1059 1903; x_wconf 87' lang='lat' dir='ltr'>prius</span> <span class='ocrx_word' id='word_1_133' title='bbox 1088 1822 1225 1904; x_wconf 85' lang='lat' dir='ltr'>quid</span> <span class='ocrx_word' id='word_1_134' title='bbox 1269 1840 1376 1904; x_wconf 85' lang='lat' dir='ltr'>pes</span> <span class='ocrx_word' id='word_1_135' title='bbox 1407 1830 1748 1904; x_wconf 81' lang='lat' dir='ltr'>porrectus,</span> <span class='ocrx_word' id='word_1_136' title='bbox 1790 1824 1929 1904; x_wconf 85' lang='lat' dir='ltr'>quid</span> <span class='ocrx_word' id='word_1_137' title='bbox 1962 1832 2296 1886; x_wconf 86' lang='lat' dir='ltr'>constratus</span> <span class='ocrx_word' id='word_1_138' title='bbox 2325 1823 2497 1904; x_wconf 80' lang='lat' dir='ltr'>quid·</span> 
     </span>
     <span class='ocr_line' id='line_1_19' title="bbox 564 1905 1787 1987; baseline 0.002 -19"><span class='ocrx_word' id='word_1_139' title='bbox 564 1923 683 1987; x_wconf 82' lang='lat' dir='ltr'>que</span> <span class='ocrx_word' id='word_1_140' title='bbox 719 1905 796 1968; x_wconf 90' lang='lat' dir='ltr'>sit</span> <span class='ocrx_word' id='word_1_141' title='bbox 824 1906 1143 1986; x_wconf 75' lang='lat' dir='ltr'>qtiadratus</span> <span class='ocrx_word' id='word_1_142' title='bbox 1172 1906 1787 1970; x_wconf 69' lang='lat' dir='ltr'>demonstraverimus.</span> 
     </span>
    </p>
   </div>
   <div class='ocr_carea' id='block_1_7' title="bbox 422 2020 2494 2439">
    <p class='ocr_par' dir='ltr' id='par_1_9' title="bbox 422 2020 2494 2439">
     <span class='ocr_line' id='line_1_20' title="bbox 695 2020 2493 2105; baseline 0 -20"><span class='ocrx_word' id='word_1_143' title='bbox 695 2021 806 2085; x_wconf 80' lang='lat' dir='ltr'>Pes</span> <span class='ocrx_word' id='word_1_144' title='bbox 834 2022 1010 2085; x_wconf 87' lang='lat' dir='ltr'>etiam</span> <span class='ocrx_word' id='word_1_145' title='bbox 1042 2031 1354 2105; x_wconf 85' lang='lat' dir='ltr'>porrectus</span> <span class='ocrx_word' id='word_1_146' title='bbox 1384 2021 1628 2092; x_wconf 86' lang='lat' dir='ltr'>dicitur.</span> <span class='ocrx_word' id='word_1_147' title='bbox 1672 2021 1775 2087; x_wconf 89' lang='lat' dir='ltr'>ubi</span> <span class='ocrx_word' id='word_1_148' title='bbox 1819 2031 2044 2086; x_wconf 87' lang='lat' dir='ltr'>tantum</span> <span class='ocrx_word' id='word_1_149' title='bbox 2076 2020 2297 2105; x_wconf 83' lang='lat' dir='ltr'>pedalis</span> <span class='ocrx_word' id='word_1_150' title='bbox 2326 2040 2493 2085; x_wconf 90' lang='lat' dir='ltr'>men·</span> 
     </span>
     <span class='ocr_line' id='line_1_21' title="bbox 487 2105 2494 2188; baseline 0.002 -22"><span class='ocrx_word' id='word_1_151' title='bbox 487 2121 543 2166; x_wconf 80' lang='lat' dir='ltr'>aa</span> <span class='ocrx_word' id='word_1_152' title='bbox 566 2123 705 2169; x_wconf 85' lang='lat' dir='ltr'>sura</span> <span class='ocrx_word' id='word_1_153' title='bbox 736 2106 797 2168; x_wconf 86' lang='lat' dir='ltr'>in</span> <span class='ocrx_word' id='word_1_154' title='bbox 830 2105 1009 2186; x_wconf 77' lang='lat' dir='ltr'>longo</span> <span class='ocrx_word' id='word_1_155' title='bbox 1042 2109 1434 2188; x_wconf 79' lang='lat' dir='ltr'>pernoscitur.</span> <span class='ocrx_word' id='word_1_156' title='bbox 1488 2108 1833 2170; x_wconf 74' lang='lat' dir='ltr'>Consti-atus</span> <span class='ocrx_word' id='word_1_157' title='bbox 1856 2117 2053 2170; x_wconf 88' lang='lat' dir='ltr'>autem</span> <span class='ocrx_word' id='word_1_158' title='bbox 2080 2124 2186 2187; x_wconf 88' lang='lat' dir='ltr'>pes</span> <span class='ocrx_word' id='word_1_159' title='bbox 2215 2105 2312 2168; x_wconf 92' lang='lat' dir='ltr'>ille</span> <span class='ocrx_word' id='word_1_160' title='bbox 2342 2108 2494 2170; x_wconf 89' lang='lat' dir='ltr'>diiu-</span> 
     </span>
     <span class='ocr_line' id='line_1_22' title="bbox 422 2189 2492 2273; baseline 0.001 -22"><span class='ocrx_word' id='word_1_161' title='bbox 422 2249 432 2261; x_wconf 80' lang='grc'><strong>,</strong></span> <span class='ocrx_word' id='word_1_162' title='bbox 566 2189 833 2263; x_wconf 84' lang='lat' dir='ltr'>dicatur,</span> <span class='ocrx_word' id='word_1_163' title='bbox 866 2192 925 2253; x_wconf 91' lang='lat' dir='ltr'>in</span> <span class='ocrx_word' id='word_1_164' title='bbox 956 2208 1073 2271; x_wconf 85' lang='lat' dir='ltr'>quo</span> <span class='ocrx_word' id='word_1_165' title='bbox 1106 2189 1412 2269; x_wconf 79' lang='lat' dir='ltr'>iongitudo</span> <span class='ocrx_word' id='word_1_166' title='bbox 1441 2190 1805 2273; x_wconf 82' lang='lat' dir='ltr'>latitudoque</span> <span class='ocrx_word' id='word_1_167' title='bbox 1834 2192 2263 2254; x_wconf 82' lang='lat' dir='ltr'>consideratur.</span> <span class='ocrx_word' id='word_1_168' title='bbox 2335 2192 2492 2264; x_wconf 85' lang='lat' dir='ltr'>Qua·</span> 
     </span>
     <span class='ocr_line' id='line_1_23' title="bbox 565 2273 2493 2354; baseline 0.001 -18"><span class='ocrx_word' id='word_1_169' title='bbox 565 2273 773 2337; x_wconf 87' lang='lat' dir='ltr'>dratus</span> <span class='ocrx_word' id='word_1_170' title='bbox 802 2291 941 2336; x_wconf 80' lang='lat' dir='ltr'>vern</span> <span class='ocrx_word' id='word_1_171' title='bbox 971 2290 1077 2354; x_wconf 84' lang='lat' dir='ltr'>pes</span> <span class='ocrx_word' id='word_1_172' title='bbox 1107 2274 1395 2346; x_wconf 82' lang='lat' dir='ltr'>babetur,</span> <span class='ocrx_word' id='word_1_173' title='bbox 1439 2273 1539 2338; x_wconf 90' lang='lat' dir='ltr'>ubi</span> <span class='ocrx_word' id='word_1_174' title='bbox 1579 2277 1770 2339; x_wconf 87' lang='lat' dir='ltr'>trinae</span> <span class='ocrx_word' id='word_1_175' title='bbox 1811 2275 2193 2337; x_wconf 86' lang='lat' dir='ltr'>dimensionis</span> <span class='ocrx_word' id='word_1_176' title='bbox 2221 2274 2493 2337; x_wconf 87' lang='lat' dir='ltr'>conside·</span> 
     </span>
     <span class='ocr_line' id='line_1_24' title="bbox 565 2357 1517 2439; baseline 0 -18"><span class='ocrx_word' id='word_1_177' title='bbox 565 2360 718 2421; x_wconf 87' lang='lat' dir='ltr'>ratio</span> <span class='ocrx_word' id='word_1_178' title='bbox 748 2359 809 2419; x_wconf 93' lang='lat' dir='ltr'>ln</span> <span class='ocrx_word' id='word_1_179' title='bbox 840 2357 1191 2439; x_wconf 79' lang='lat' dir='ltr'>aequalitate</span> <span class='ocrx_word' id='word_1_180' title='bbox 1220 2366 1517 2421; x_wconf 88' lang='lat' dir='ltr'>censetur.</span> 
     </span>
    </p>
   </div>
   <div class='ocr_carea' id='block_1_8' title="bbox 692 2473 2495 2557">
    <p class='ocr_par' dir='ltr' id='par_1_10' title="bbox 692 2473 2495 2557">
     <span class='ocr_line' id='line_1_25' title="bbox 692 2473 2495 2557; baseline -0.001 -18"><span class='ocrx_word' id='word_1_181' title='bbox 692 2474 809 2539; x_wconf 86' lang='lat' dir='ltr'>Sed</span> <span class='ocrx_word' id='word_1_182' title='bbox 841 2475 955 2538; x_wconf 85' lang='lat' dir='ltr'>iam</span> <span class='ocrx_word' id='word_1_183' title='bbox 984 2483 1223 2556; x_wconf 87' lang='lat' dir='ltr'>tempus</span> <span class='ocrx_word' id='word_1_184' title='bbox 1254 2484 1344 2539; x_wconf 88' lang='lat' dir='ltr'>est</span> <span class='ocrx_word' id='word_1_185' title='bbox 1366 2474 1438 2538; x_wconf 84' lang='lat' dir='ltr'>ad</span> <span class='ocrx_word' id='word_1_186' title='bbox 1470 2473 1561 2547; x_wconf 84' lang='lat' dir='ltr'>id,</span> <span class='ocrx_word' id='word_1_187' title='bbox 1592 2475 1750 2557; x_wconf 86' lang='lat' dir='ltr'>quod</span> <span class='ocrx_word' id='word_1_188' title='bbox 1782 2476 2156 2548; x_wconf 85' lang='lat' dir='ltr'>instituimus.</span> <span class='ocrx_word' id='word_1_189' title='bbox 2187 2474 2495 2539; x_wconf 83' lang='lat' dir='ltr'>accedere.</span> 
     </span>
    </p>
   </div>
   <div class='ocr_carea' id='block_1_9' title="bbox 485 2681 2121 2741">
    <p class='ocr_par' dir='ltr' id='par_1_11' title="bbox 485 2681 2121 2741">
     <span class='ocr_line' id='line_1_26' title="bbox 485 2681 2121 2741; baseline 0.004 -6"><span class='ocrx_word' id='word_1_190' title='bbox 485 2691 540 2735; x_wconf 80' lang='lat' dir='ltr'>aa</span> <span class='ocrx_word' id='word_1_191' title='bbox 941 2681 1032 2741; x_wconf 80' lang='lat' dir='ltr'>De</span> <span class='ocrx_word' id='word_1_192' title='bbox 1058 2695 1332 2741; x_wconf 74' lang='lat' dir='ltr'>mensura</span> <span class='ocrx_word' id='word_1_193' title='bbox 1364 2690 1421 2741; x_wconf 77' lang='lat' dir='ltr'>et</span> <span class='ocrx_word' id='word_1_194' title='bbox 1449 2683 1636 2741; x_wconf 72' lang='lat' dir='ltr'>tribus</span> <span class='ocrx_word' id='word_1_195' title='bbox 1661 2682 2121 2741; x_wconf 71' lang='lat' dir='ltr'>dimensionibus.</span> 
     </span>
    </p>
   </div>
   <div class='ocr_carea' id='block_1_10' title="bbox 565 2826 2499 3080">
    <p class='ocr_par' dir='ltr' id='par_1_12' title="bbox 565 2826 2499 3080">
     <span class='ocr_line' id='line_1_27' title="bbox 689 2826 2499 2911; baseline 0.001 -20"><span class='ocrx_word' id='word_1_196' title='bbox 689 2826 967 2902; x_wconf 78' lang='lat' dir='ltr'>Quamvis</span> <span class='ocrx_word' id='word_1_197' title='bbox 1006 2828 1185 2893; x_wconf 87' lang='lat' dir='ltr'>etlam</span> <span class='ocrx_word' id='word_1_198' title='bbox 1230 2829 1290 2891; x_wconf 89' lang='lat' dir='ltr'>in</span> <span class='ocrx_word' id='word_1_199' title='bbox 1330 2828 1658 2910; x_wconf 85' lang='lat' dir='ltr'>superioris</span> <span class='ocrx_word' id='word_1_200' title='bbox 1697 2826 1835 2891; x_wconf 84' lang='lat' dir='ltr'>libri</span> <span class='ocrx_word' id='word_1_201' title='bbox 1874 2828 2192 2909; x_wconf 83' lang='lat' dir='ltr'>principio.</span> <span class='ocrx_word' id='word_1_202' title='bbox 2237 2828 2378 2911; x_wconf 82' lang='lat' dir='ltr'>quid</span> <span class='ocrx_word' id='word_1_203' title='bbox 2420 2829 2499 2892; x_wconf 89' lang='lat' dir='ltr'>sit</span> 
     </span>
     <span class='ocr_line' id='line_1_28' title="bbox 565 2910 2496 3080; baseline 0.001 -19"><span class='ocrx_word' id='word_1_204' title='bbox 565 2928 903 3063; x_wconf 60' lang='lat' dir='ltr'>wit...</span> <span class='ocrx_word' id='word_1_205' title='bbox 917 2910 2253 3080; x_wconf 47' lang='lat' dir='ltr'>mt‘ssissffiffiummffi</span> <span class='ocrx_word' id='word_1_206' title='bbox 2266 2914 2496 3062; x_wconf 59' lang='lat'>‘1533</span> 
     </span>
    </p>
   </div>
   <div class='ocr_carea' id='block_1_11' title="bbox 557 3164 2497 3521">
    <p class='ocr_par' dir='ltr' id='par_1_13' title="bbox 557 3164 2497 3521">
     <span class='ocr_line' id='line_1_29' title="bbox 699 3164 2497 3252; baseline -0.002 -15"><span class='ocrx_word' id='word_1_207' title='bbox 699 3184 727 3237; x_wconf 87' lang='lat'><strong>1</strong></span> <span class='ocrx_word' id='word_1_208' title='bbox 764 3164 896 3237; x_wconf 74' lang='lat' dir='ltr'>varo</span> <span class='ocrx_word' id='word_1_209' title='bbox 939 3198 1036 3236; x_wconf 68' lang='lat' dir='ltr'>oa.</span> <span class='ocrx_word' id='word_1_210' title='bbox 1080 3197 1153 3240; x_wconf 78' lang='grc' dir='ltr'>ιι.</span> <span class='ocrx_word' id='word_1_211' title='bbox 1324 3185 1357 3236; x_wconf 69' lang='lat'>2</span> <span class='ocrx_word' id='word_1_212' title='bbox 1391 3180 1626 3252; x_wconf 77' lang='lat' dir='ltr'>pedibus</span> <span class='ocrx_word' id='word_1_213' title='bbox 1668 3186 1892 3237; x_wconf 75' lang='lat' dir='ltr'>constat</span> <span class='ocrx_word' id='word_1_214' title='bbox 1936 3196 2006 3235; x_wconf 81' lang='lat' dir='ltr'>m.</span> <span class='ocrx_word' id='word_1_215' title='bbox 2192 3183 2228 3235; x_wconf 70' lang='grc' dir='ltr'>Ο</span> <span class='ocrx_word' id='word_1_216' title='bbox 2263 3179 2497 3252; x_wconf 79' lang='lat' dir='ltr'>pedibus</span> 
     </span>
     <span class='ocr_line' id='line_1_30' title="bbox 557 3246 2495 3319; baseline -0.001 -15"><span class='ocrx_word' id='word_1_217' title='bbox 557 3264 763 3304; x_wconf 59' lang='lat' dir='ltr'>mn.</span> <span class='ocrx_word' id='word_1_218' title='bbox 920 3246 1944 3319; x_wconf 58' lang='lat' dir='ltr'>iactemua-‚mllpedoamm</span> <span class='ocrx_word' id='word_1_219' title='bbox 2109 3247 2495 3318; x_wconf 67' lang='lat' dir='ltr'>expecto-e.</span> 
     </span>
     <span class='ocr_line' id='line_1_31' title="bbox 557 3314 2494 3443; baseline 0 -6"><span class='ocrx_word' id='word_1_220' title='bbox 557 3319 904 3438; x_wconf 51' lang='lat' dir='ltr'>amaa-:-</span> <span class='ocrx_word' id='word_1_221' title='bbox 927 3331 1000 3443; x_wconf 79' lang='lat'>:;</span> <span class='ocrx_word' id='word_1_222' title='bbox 1028 3318 1408 3439; x_wconf 57' lang='lat' dir='ltr'>...atae-2.-</span> <span class='ocrx_word' id='word_1_223' title='bbox 1451 3314 2234 3440; x_wconf 62' lang='lat' dir='ltr'>···.·.··.·....3:&gt;..⁶.¹z:;¹¹;·.‘-‘</span> <span class='ocrx_word' id='word_1_224' title='bbox 2276 3326 2494 3438; x_wconf 42' lang='grc' dir='ltr'>ιιι-ιε</span> 
     </span>
     <span class='ocr_line' id='line_1_32' title="bbox 558 3450 2492 3521; baseline 0 -17"><span class='ocrx_word' id='word_1_225' title='bbox 558 3450 721 3520; x_wconf 74' lang='lat' dir='ltr'>plicis</span> <span class='ocrx_word' id='word_1_226' title='bbox 752 3451 1029 3521; x_wconf 61' lang='lat' dir='ltr'>prologus.</span> <span class='ocrx_word' id='word_1_227' title='bbox 1073 3451 1283 3521; x_wconf 73' lang='lat' dir='ltr'>Incipit</span> <span class='ocrx_word' id='word_1_228' title='bbox 1314 3451 1459 3504; x_wconf 79' lang='lat' dir='ltr'>libes·</span> <span class='ocrx_word' id='word_1_229' title='bbox 1491 3451 1592 3507; x_wconf 86' lang='lat'>111.</span> <span class='ocrx_word' id='word_1_230' title='bbox 1629 3468 1700 3505; x_wconf 77' lang='grc' dir='ltr'>ιι.</span> <span class='ocrx_word' id='word_1_231' title='bbox 1804 3453 1879 3504; x_wconf 61' lang='grc' dir='ltr'><strong><em>Ἀ</em></strong></span> <span class='ocrx_word' id='word_1_232' title='bbox 1906 3452 2075 3504; x_wconf 74' lang='lat' dir='ltr'>etlam</span> <span class='ocrx_word' id='word_1_233' title='bbox 2109 3465 2207 3505; x_wconf 69' lang='lat' dir='ltr'>aa.</span> <span class='ocrx_word' id='word_1_234' title='bbox 2246 3466 2317 3508; x_wconf 80' lang='grc' dir='ltr'>ιι.</span> <span class='ocrx_word' id='word_1_235' title='bbox 2421 3451 2492 3504; x_wconf 70' lang='lat'>20</span> 
     </span>
    </p>
   </div>
   <div class='ocr_carea' id='block_1_12' title="bbox 558 3516 965 3599">
    <p class='ocr_par' dir='ltr' id='par_1_14' title="bbox 558 3516 965 3599">
     <span class='ocr_line' id='line_1_33' title="bbox 558 3516 965 3599; baseline -0.005 -26"><span class='ocrx_word' id='word_1_236' title='bbox 558 3516 881 3599; x_wconf 49' lang='grc' dir='ltr'>ιρις-ιιι..</span> <span class='ocrx_word' id='word_1_237' title='bbox 913 3533 965 3572; x_wconf 75' lang='lat'>0.</span> 
     </span>
    </p>
   </div>
  </div>
 </body>
</html>
